
<record>
  <controlfield tag="001">1389908</controlfield>
  <datafield tag="024" ind1="7" ind2=" ">
    <subfield code="2">DOI</subfield>
    <subfield code="9">Springer</subfield>
    <subfield code="a">10.1134/S1063776115060023</subfield>
  </datafield>
  <datafield tag="035" ind1=" " ind2=" ">
    <subfield code="9">INSPIRETeX</subfield>
    <subfield code="z">Aul'chenko:2015aca</subfield>
  </datafield>
  <datafield tag="035" ind1=" " ind2=" ">
    <subfield code="9">DESY</subfield>
    <subfield code="z">D16-kj19g</subfield>
  </datafield>
  <datafield tag="035" ind1=" " ind2=" ">
    <subfield code="a">Aulchenko:2015mwt</subfield>
    <subfield code="9">INSPIRETeX</subfield>
  </datafield>
  <datafield tag="245" ind1=" " ind2=" ">
    <subfield code="a">Study of the e$^{+}$ e$^{–}$ → π$^{+}$π$^{–}$π$^{0}$ process in the energy range 1.05–2.00 GeV</subfield>
  </datafield>
</record>