
<record>
  <controlfield tag="001">1385223</controlfield>
  <datafield tag="024" ind1="7" ind2=" ">
    <subfield code="2">DOI</subfield>
    <subfield code="9">Springer</subfield>
    <subfield code="a">10.1134/S1063778815030023</subfield>
  </datafield>
  <datafield tag="035" ind1=" " ind2=" ">
    <subfield code="9">INSPIRETeX</subfield>
    <subfield code="a">Aulchenko:2015vda</subfield>
  </datafield>
  <datafield tag="035" ind1=" " ind2=" ">
    <subfield code="9">DESY</subfield>
    <subfield code="z">D16-kj37y</subfield>
  </datafield>
  <datafield tag="245" ind1=" " ind2=" ">
    <subfield code="a">New results of measurement of cross sections for electron-positron annihilation to hadrons with the SND detector at VEPP-2000</subfield>
  </datafield>
</record>